% This file was created with JabRef 2.10b2.
% Encoding: UTF-8


@Article{AllmanHR2010,
  Title                    = {Estimating trees from filtered data: Identifiability of models for morphological phylogenetics},
  Author                   = {Elizabeth S. Allman and Mark T. Holder and John A. Rhodes},
  Journal                  = {Journal of Theoretical Biology},
  Year                     = {2010},
  Number                   = {1},
  Pages                    = {108-119},
  Volume                   = {263},

  Bdsk-url-1               = {http://www.sciencedirect.com/science/article/B6WMD-4XX160T-2/2/5adf8b8af77dd551890d7cb5b0e62dba},
  Bdsk-url-2               = {http://dx.doi.org/10.1016/j.jtbi.2009.12.001},
  Date-added               = {2011-07-27 10:47:51 -0400},
  Date-modified            = {2011-07-27 10:47:51 -0400},
  Doi                      = {DOI: 10.1016/j.jtbi.2009.12.001},
  ISSN                     = {0022-5193},
  Keywords                 = {Mkv model},
  Url                      = {http://www.sciencedirect.com/science/article/B6WMD-4XX160T-2/2/5adf8b8af77dd551890d7cb5b0e62dba}
}

@Article{AnisimovaG2006,
  Title                    = {{Approximate Likelihood-Ratio Test for Branches: A Fast, Accurate, and Powerful Alternative}},
  Author                   = {Anisimova, Maria and Gascuel, Olivier},
  Journal                  = {Systematic Biology},
  Year                     = {2006},

  Month                    = aug,
  Number                   = {4},
  Pages                    = {539--552},
  Volume                   = {55},

  Date-added               = {2011-07-20 23:44:54 -0500},
  Date-modified            = {2011-07-20 23:44:54 -0500}
}

@Article{AnisimovaGDDG2011,
  Title                    = {{Survey of Branch Support Methods Demonstrates Accuracy, Power, and Robustness of Fast Likelihood-based Approximation Schemes}},
  Author                   = {Anisimova, M and Gil, M and Dufayard, J F and Dessimoz, C and Gascuel, O},
  Journal                  = {Systematic Biology},
  Year                     = {2011},

  Month                    = may,

  Date-added               = {2011-07-26 09:14:21 -0400},
  Date-modified            = {2011-07-26 09:14:21 -0400}
}

@Article{ArisBrosou2003,
  Title                    = {{Least and most powerful phylogenetic tests to elucidate the origin of the seed plants in the presence of conflicting signals under misspecified models.}},
  Author                   = {Aris-Brosou, Stephane},
  Journal                  = {Systematic Biology},
  Year                     = {2003},

  Month                    = dec,
  Number                   = {6},
  Pages                    = {781--793},
  Volume                   = {52},

  Date-added               = {2011-07-20 10:29:21 -0500},
  Date-modified            = {2011-07-20 10:31:13 -0500}
}

@Article{ArisBrosou2003b,
  Title                    = {{How Bayes tests of molecular phylogenies compare with frequentist approaches.}},
  Author                   = {Aris-Brosou, Stephane},
  Journal                  = {Bioinformatics (Oxford, England)},
  Year                     = {2003},

  Month                    = mar,
  Number                   = {5},
  Pages                    = {618--624},
  Volume                   = {19},

  Date-added               = {2011-07-20 10:29:21 -0500},
  Date-modified            = {2011-07-20 10:31:20 -0500}
}

@Article{BerryG1996,
  Title                    = {{On the Interpretation of Bootstrap Trees: Appropriate Threshold of Clade Selection and Induced Gain}},
  Author                   = {Berry, V and Gascuel, O},
  Journal                  = {Molecular Biology and Evolution},
  Year                     = {1996},
  Number                   = {7},
  Pages                    = {999--1011},
  Volume                   = {13},

  Date-added               = {2011-07-20 23:44:54 -0500},
  Date-modified            = {2011-07-20 23:44:54 -0500}
}

@Article{BerryGC2000,
  Title                    = {{Choosing the tree which actually best explains the data: another look at the bootstrap in phylogenetic reconstruction}},
  Author                   = {Berry, V and Gascuel, O and Caraux, G},
  Journal                  = {Computational Statistics {\&} Data Analysis},
  Year                     = {2000},

  Month                    = jan,
  Number                   = {3-4},
  Pages                    = {273--283},
  Volume                   = {32},

  Date-added               = {2011-07-20 23:44:54 -0500},
  Date-modified            = {2011-07-20 23:44:54 -0500}
}

@Article{BilleraHV2001,
  Title                    = {{Geometry of the Space of Phylogenetic Trees}},
  Author                   = {Billera, Louis J. and Holmes, Susan P. and Vogtmann, Karen},
  Journal                  = {Advances in Applied Mathematics},
  Year                     = {2001},
  Pages                    = {733-767},
  Volume                   = {27},

  Date-added               = {2011-07-20 10:29:21 -0500},
  Date-modified            = {2011-07-20 10:32:36 -0500}
}

@Article{Buckley2002,
  Title                    = {{Model misspecification and probabilistic tests of topology: evidence from empirical data sets}},
  Author                   = {Buckley, Thomas},
  Journal                  = {Systematic Biology},
  Year                     = {2002},
  Number                   = {3},
  Pages                    = {509--523},
  Volume                   = {51},

  Date-added               = {2011-07-20 23:44:54 -0500},
  Date-modified            = {2011-07-20 23:45:52 -0500}
}

@Article{BuckleySSC2001,
  Title                    = {{Evaluating hypotheses on the origin and evolution of the New Zealand alpine cicadas (Maoricicada) using multiple-comparison tests of tree topology}},
  Author                   = {Buckley, T R and Simon, Chris and Shimodaira, Hidetoshi and Chambers, G K},
  Journal                  = {Molecular Biology and Evolution},
  Year                     = {2001},

  Month                    = jan,
  Number                   = {2},
  Pages                    = {223--234},
  Volume                   = {18},

  Date-added               = {2011-07-20 23:44:54 -0500},
  Date-modified            = {2011-07-20 23:45:47 -0500}
}

@Article{Carpenter1996,
  Title                    = {{UNINFORMATIVE BOOTSTRAPPING}},
  Author                   = {Carpenter, James M},
  Journal                  = {Cladistics},
  Year                     = {1996},

  Month                    = jun,
  Number                   = {2},
  Pages                    = {177--181},
  Volume                   = {12},

  Date-added               = {2011-07-20 10:29:21 -0500},
  Date-modified            = {2011-07-20 10:33:06 -0500}
}

@Article{Cavender1978,
  Title                    = {{Taxonomy with confidence}},
  Author                   = {Cavender, James A},
  Journal                  = {Mathematical Biosciences},
  Year                     = {1978},

  Month                    = aug,
  Number                   = {3-4},
  Pages                    = {271--280},
  Volume                   = {40},

  Date-added               = {2011-07-20 10:29:21 -0500},
  Date-modified            = {2011-07-20 10:33:11 -0500}
}

@Article{CummingsEtAl2003,
  Title                    = {{Comparing bootstrap and posterior probability values in the four-taxon case}},
  Author                   = {Cummings, Michael P and Handley, S and Myers, D and Reed, D and Rokas, Antonis and Winka, K},
  Journal                  = {Systematic Biology},
  Year                     = {2003},
  Number                   = {4},
  Pages                    = {477--487},
  Volume                   = {52},

  Date-added               = {2011-07-20 10:29:21 -0500},
  Date-modified            = {2011-07-20 10:33:30 -0500}
}

@Article{CzarnaSGW2006,
  Title                    = {{Topology testing of phylogenies using least squares methods}},
  Author                   = {Czarna, Aleksandra and Sanju{\'a}n, Rafael and Gonz{\'a}lez-Candelas, Fernando and Wr{\'o}bel, Borys},
  Journal                  = {BMC Evolutionary Biology},
  Year                     = {2006},

  Month                    = dec,
  Number                   = {1},
  Pages                    = {105},
  Volume                   = {6},

  Date-added               = {2011-07-20 10:29:21 -0500},
  Date-modified            = {2011-07-20 10:33:43 -0500}
}

@Article{Efron1987,
  Title                    = {{Better Bootstrap confidence Intervals}},
  Author                   = {Efron, Bradley},
  Journal                  = {Journal of the American Statistical Association},
  Year                     = {1987},
  Number                   = {397},
  Pages                    = {171--185},
  Volume                   = {82},

  Date-added               = {2011-07-20 10:29:21 -0500},
  Date-modified            = {2011-07-20 10:34:22 -0500}
}

@Article{Efron1985,
  Title                    = {{Bootstrap confidence intervals for a class of parametric problems}},
  Author                   = {Efron, Bradley},
  Journal                  = {Biometrika},
  Year                     = {1985},
  Number                   = {1},
  Pages                    = {45--58},
  Volume                   = {72},

  Date-added               = {2011-07-20 23:44:54 -0500},
  Date-modified            = {2011-07-20 23:44:54 -0500}
}

@Article{Efron1979,
  Title                    = {{Bootstrap methods: another look at the jackknife}},
  Author                   = {Efron, B},
  Journal                  = {Annals of Statistics},
  Year                     = {1979},
  Number                   = {1},
  Pages                    = {1--26},
  Volume                   = {7},

  Date-added               = {2011-07-20 10:29:21 -0500},
  Date-modified            = {2011-07-20 10:29:21 -0500}
}

@Article{EfronG1983,
  Title                    = {{A leisurely look at the bootstrap, the Jack-knife}},
  Author                   = {Efron, Bradley and Gong},
  Journal                  = {The American Statistician},
  Year                     = {1983},

  Date-added               = {2011-07-20 10:29:21 -0500},
  Date-modified            = {2011-07-20 10:34:05 -0500}
}

@Article{EfronHH1996,
  Title                    = {{Bootstrap confidence levels for phylogenetic trees}},
  Author                   = {Efron, Bradley and Halloran, Elizabeth and Holmes, Susan},
  Journal                  = {Proceedings of the National Academy of Sciences of the United States of America},
  Year                     = {1996},
  Pages                    = {13429--13434},
  Volume                   = {93},

  Date-added               = {2011-07-20 10:29:21 -0500},
  Date-modified            = {2011-07-20 10:34:17 -0500}
}

@Article{efronT1998,
  Title                    = {{The problem of regions}},
  Author                   = {Efron, Bradley and Tibshirani, R},
  Year                     = {1998},

  Date-added               = {2011-07-20 10:29:21 -0500},
  Date-modified            = {2011-07-20 10:29:21 -0500}
}

@Article{ErixonSBO2003,
  Title                    = {{Reliability of Bayesian Posterior Probabilities and Bootstrap Frequencies in Phylogenetics}},
  Author                   = {Erixon, Per and Svennblad, Bodil and Britton, Tom and Oxelman, Bengt},
  Journal                  = {Systematic Biology},
  Year                     = {2003},

  Month                    = oct,
  Number                   = {5},
  Pages                    = {665--673},
  Volume                   = {52},

  Date-added               = {2011-07-21 15:22:56 -0500},
  Date-modified            = {2011-07-21 15:22:56 -0500}
}

@Book{Felsenstein2004,
  Title                    = {{Inferring Phylogenies}},
  Author                   = {Felsenstein, Joseph},
  Publisher                = {Sinauer Associates},
  Year                     = {2004},

  Address                  = {Sunderland, Massachusetts},

  Date-added               = {2011-07-20 10:29:21 -0500},
  Date-modified            = {2011-07-20 10:34:31 -0500}
}

@Article{Felsenstein1985,
  Title                    = {{Confidence Limits on Phylogenies: An Approach Using the Bootstrap}},
  Author                   = {Felsenstein, Joseph},
  Journal                  = {Evolution},
  Year                     = {1985},
  Number                   = {4},
  Pages                    = {783--791},
  Volume                   = {39},

  Date-added               = {2011-07-20 10:29:21 -0500},
  Date-modified            = {2011-07-20 10:34:40 -0500}
}

@Article{Galtier2004,
  Title                    = {{Sampling Properties of the Bootstrap Support in Molecular Phylogeny: Influence of Nonindependence Among Sites}},
  Author                   = {Galtier, Nicolas},
  Journal                  = {Systematic Biology},
  Year                     = {2004},

  Month                    = feb,
  Number                   = {1},
  Pages                    = {38--46},
  Volume                   = {53},

  Date-added               = {2011-07-20 10:29:21 -0500},
  Date-modified            = {2011-07-20 10:29:21 -0500}
}

@Article{GautL1995,
  Title                    = {{Success of maximum likelihood phylogeny inference in the four-taxon case}},
  Author                   = {Gaut, B and Lewis, Paul O},
  Journal                  = {Molecular Biology and Evolution},
  Year                     = {1995},
  Number                   = {1},
  Pages                    = {152--162},
  Volume                   = {12},

  Date-added               = {2011-07-21 15:22:56 -0500},
  Date-modified            = {2011-07-21 15:22:56 -0500}
}

@Article{Goldman1993,
  Title                    = {{Statistical tests of models of DNA substitution}},
  Author                   = {Goldman, Nick},
  Journal                  = {Journal of Molecular Evolution},
  Year                     = {1993},
  Pages                    = {182--198},
  Volume                   = {36},

  Date-added               = {2011-07-20 10:29:21 -0500},
  Date-modified            = {2011-07-20 10:35:40 -0500}
}

@Article{GoldmanAR2000,
  Title                    = {{Likelihood-Based Tests of Topologies in Phylogenetics}},
  Author                   = {Goldman, N and Anderson, J and Rodrigo, A},
  Journal                  = {Systematic Biology},
  Year                     = {2000},
  Number                   = {4},
  Pages                    = {652-670},
  Volume                   = {49},

  Date-added               = {2011-07-20 10:29:21 -0500},
  Date-modified            = {2011-07-20 23:52:25 -0500}
}

@Article{HasegawaK1989,
  Title                    = {{Confidence Limits of the Maximum-Likelihood Estimate of the Hominoid three from Mitochondrial-DNA Sequences}},
  Author                   = {Hasegawa, Masami and Kishino, Hirohisa},
  Journal                  = {Evolution},
  Year                     = {1989},
  Number                   = {3},
  Pages                    = {672--677},
  Volume                   = {43},

  Date-added               = {2011-07-20 10:29:21 -0500},
  Date-modified            = {2011-07-20 10:29:21 -0500}
}

@Article{HillisB1993,
  Title                    = {{An Empirical Test of Bootstrapping as a Method for Assessing Confidence in Phylogenetic Analysis}},
  Author                   = {Hillis, D M and Bull, J J},
  Journal                  = {Systematic Biology},
  Year                     = {1993},

  Month                    = jun,
  Number                   = {2},
  Pages                    = {182--192},
  Volume                   = {42},

  Date-added               = {2011-07-20 23:44:54 -0500},
  Date-modified            = {2011-07-20 23:44:54 -0500}
}

@Article{Holmes2007,
  Title                    = {{STATISTICAL APPROACH TO TESTS INVOLVING PHYLOGENIES}},
  Author                   = {Holmes, Susan},
  Journal                  = {Mathematics of Evolution and Phylogeny},
  Year                     = {2007},

  Month                    = mar,

  Date-added               = {2011-07-20 10:29:21 -0500},
  Date-modified            = {2011-07-20 10:29:21 -0500}
}

@Article{Holmes2003,
  Title                    = {{Bootstrapping Phylogenetic Trees: Theory and Methods}},
  Author                   = {Holmes, Susan},
  Journal                  = {Statistical Science},
  Year                     = {2003},
  Number                   = {2},
  Pages                    = {241--255},
  Volume                   = {18},

  Date-added               = {2011-07-20 10:29:21 -0500},
  Date-modified            = {2011-07-20 10:35:52 -0500}
}

@Article{HuelsenbeckHN1996,
  Title                    = {{A Likelihood-Ratio Test of Monophyly}},
  Author                   = {Huelsenbeck, John and Hillis, David and Nielsen, Rasmus},
  Journal                  = {Systematic Biology},
  Year                     = {1996},

  Month                    = dec,
  Number                   = {4},
  Pages                    = {546},
  Volume                   = {45},

  Date-added               = {2011-07-20 23:44:54 -0500},
  Date-modified            = {2011-07-20 23:47:09 -0500}
}

@Article{HuelsenbeckR2004,
  Title                    = {{Frequentist Properties of Bayesian Posterior Probabilities of Phylogenetic Trees Under Simple and Complex Substitution Models}},
  Author                   = {Huelsenbeck, John P and Rannala, Bruce},
  Journal                  = {Systematic Biology},
  Year                     = {2004},

  Month                    = dec,
  Number                   = {6},
  Pages                    = {904--913},
  Volume                   = {53},

  Date-added               = {2011-07-20 23:44:54 -0500},
  Date-modified            = {2011-07-20 23:47:19 -0500}
}

@Article{Kim2000,
  Title                    = {{Slicing Hyperdimensional Oranges: The Geometry of Phylogenetic Estimation}},
  Author                   = {Kim, Junhyong},
  Journal                  = {Molecular Phylogenetics and Evolution},
  Year                     = {2000},
  Number                   = {1},
  Pages                    = {58--75},
  Volume                   = {17},

  Date-added               = {2011-07-20 10:29:21 -0500},
  Date-modified            = {2011-07-20 10:35:57 -0500}
}

@Article{KishinoH1989,
  Title                    = {{Evaluation of the maximum likelihood estimate of the evolutionary tree topologies from DNA sequence data, and the branching order in hominoidea}},
  Author                   = {Kishino, H and Hasegawa, M},
  Journal                  = {Journal of Molecular Evolution},
  Year                     = {1989},
  Pages                    = {170--179},
  Volume                   = {29},

  Date-added               = {2011-07-20 10:29:21 -0500},
  Date-modified            = {2011-07-28 14:02:20 -0400}
}

@Article{LeighSBR2008,
  Title                    = {{Testing Congruence in Phylogenomic Analysis}},
  Author                   = {Leigh, Jessica and Susko, Edward and Baumgartner, Manuela and Roger, Andrew},
  Journal                  = {Systematic Biology},
  Year                     = {2008},

  Month                    = feb,
  Number                   = {1},
  Pages                    = {104},
  Volume                   = {57},

  Date-added               = {2011-07-20 10:29:21 -0500},
  Date-modified            = {2011-07-20 10:36:16 -0500}
}

@Article{Lewis2001,
  Title                    = {A likelihood approach to estimating phylogeny from discrete morphological character data},
  Author                   = {P. O. Lewis},
  Journal                  = {Systematic Biology},
  Year                     = {2001},
  Number                   = {6},
  Pages                    = {913--925},
  Volume                   = {50},

  Date-added               = {2011-07-20 10:42:00 -0500},
  Date-modified            = {2011-07-20 10:42:00 -0500}
}

@Article{MininAJS2003,
  Title                    = {{Performance-based selection of likelihood models for phylogeny estimation}},
  Author                   = {Minin, Vladimir and Abdo, Zaid and Joyce, Paul and Sullivan, Jack},
  Journal                  = {Systematic Biology},
  Year                     = {2003},

  Month                    = oct,
  Number                   = {5},
  Pages                    = {674--683},
  Volume                   = {52},

  Date-added               = {2011-07-20 10:29:21 -0500},
  Date-modified            = {2011-07-20 10:36:24 -0500}
}

@Article{Newton1996,
  Title                    = {{Bootstrapping Phylogenies: Large Deviations and Dispersion Effects}},
  Author                   = {Newton, Michael A},
  Journal                  = {Biometrika},
  Year                     = {1996},
  Number                   = {1},
  Pages                    = {315--328},
  Volume                   = {83},

  Date-added               = {2011-07-20 10:29:21 -0500},
  Date-modified            = {2011-07-20 10:36:32 -0500}
}

@Article{OtaWHSK2000,
  Title                    = {{Appropriate likelihood ratio tests and marginal distributions for evolutionary tree models with constraints on parameters.}},
  Author                   = {Ota, R and Waddell, P J and Hasegawa, M and Shimodaira, H and Kishino, H},
  Journal                  = {Molecular Biology and Evolution},
  Year                     = {2000},

  Month                    = may,
  Number                   = {5},
  Pages                    = {798--803},
  Volume                   = {17},

  Date-added               = {2011-07-21 15:22:56 -0500},
  Date-modified            = {2011-07-21 15:22:56 -0500}
}

@Article{Planet2006,
  Title                    = {{Tree disagreement: Measuring and testing incongruence in phylogenies}},
  Author                   = {Planet, Paul J.},
  Journal                  = {Journal of Biomedical Informatics},
  Year                     = {2006},

  Month                    = feb,
  Number                   = {1},
  Pages                    = {86--102},
  Volume                   = {39},

  Date-added               = {2011-07-20 10:29:21 -0500},
  Date-modified            = {2011-07-20 10:29:21 -0500}
}

@Article{PosadaC1998,
  Title                    = {{Modeltest: testing the model of DNA substitution}},
  Author                   = {Posada, D and Crandall, K},
  Journal                  = {Bioinformatics (Oxford, England)},
  Year                     = {1998},
  Number                   = {9},
  Pages                    = {817--818},
  Volume                   = {14},

  Date-added               = {2011-07-20 10:29:21 -0500},
  Date-modified            = {2011-07-20 10:36:39 -0500}
}

@Article{RambautG1996,
  Title                    = {{Seq-Gen: An application for the Monte Carlo simulation of DNA sequence evolution along phylogenetic trees}},
  Author                   = {Rambaut, Andrew and Grassly, N},
  Journal                  = {Comput. Appl. Biosci},
  Year                     = {1996},

  Date-added               = {2011-07-20 10:29:21 -0500},
  Date-modified            = {2011-07-20 10:36:46 -0500}
}

@Article{Rodrigo1993,
  Title                    = {{Calibrating the bootstrap test of monophyly.}},
  Author                   = {Rodrigo, A G},
  Journal                  = {International journal for parasitology},
  Year                     = {1993},

  Month                    = jul,
  Number                   = {4},
  Pages                    = {507--514},
  Volume                   = {23},

  Date-added               = {2011-07-21 15:22:56 -0500},
  Date-modified            = {2011-07-21 15:22:56 -0500}
}

@Article{Sanderson1995,
  Title                    = {{Objections to Bootstrapping Phylogenies: A Critique}},
  Author                   = {Sanderson, M J},
  Journal                  = {Systematic Biology},
  Year                     = {1995},

  Month                    = sep,
  Number                   = {3},
  Pages                    = {299--320},
  Volume                   = {44},

  Date-added               = {2011-07-20 10:29:21 -0500},
  Date-modified            = {2011-07-20 10:29:21 -0500}
}

@Article{Sanderson1989,
  Title                    = {{CONFIDENCE LIMITS ON PHYLOGENIES: THE BOOTSTRAP REVISITED}},
  Author                   = {Sanderson, Michael J},
  Journal                  = {Cladistics},
  Year                     = {1989},

  Month                    = jun,
  Number                   = {2},
  Pages                    = {113--129},
  Volume                   = {5},

  Date-added               = {2011-07-20 10:29:21 -0500},
  Date-modified            = {2011-07-20 10:29:21 -0500}
}

@Article{SanjuanW2005,
  Title                    = {{Weighted Least-Squares Likelihood Ratio Test for Branch Testing in Phylogenies Reconstructed from Distance Measures}},
  Author                   = {Sanjuan, Rafael and Wrobel, Borys},
  Journal                  = {Systematic Biology},
  Year                     = {2005},

  Month                    = apr,
  Number                   = {2},
  Pages                    = {218--229},
  Volume                   = {54},

  Date-added               = {2011-07-20 10:29:21 -0500},
  Date-modified            = {2011-07-20 10:29:21 -0500}
}

@Article{Shimodaira2009,
  Title                    = {{Frequentist and Bayesian measures of confidence via multiscale bootstrap for testing three regions}},
  Author                   = {Shimodaira, Hidetoshi},
  Journal                  = {Annals of the Institute of Statistical Mathematics},
  Year                     = {2009},

  Month                    = aug,
  Number                   = {1},
  Pages                    = {189--208},
  Volume                   = {62},

  Date-added               = {2011-07-20 10:29:21 -0500},
  Date-modified            = {2011-07-20 10:29:21 -0500}
}

@Article{Shimodaira2008,
  Title                    = {{Testing regions with nonsmooth boundaries via multiscale bootstrap}},
  Author                   = {Shimodaira, H},
  Journal                  = {Journal of Statistical Planning and Inference},
  Year                     = {2008},

  Month                    = may,
  Number                   = {5},
  Pages                    = {1227--1241},
  Volume                   = {138},

  Date-added               = {2011-07-20 10:29:21 -0500},
  Date-modified            = {2011-07-20 10:36:57 -0500}
}

@Article{Shimodaira2002,
  Title                    = {{An approximately unbiased test of phylogenetic tree selection}},
  Author                   = {Shimodaira, Hidetoshi},
  Journal                  = {Systematic Biology},
  Year                     = {2002},

  Month                    = may,
  Number                   = {3},
  Pages                    = {492--508},
  Volume                   = {51},

  Date-added               = {2011-07-20 10:29:21 -0500},
  Date-modified            = {2011-07-20 10:37:07 -0500}
}

@InCollection{ShimodairaH2005,
  Title                    = {{Assessing the Uncertainty in Phylogenetic Inference}},
  Author                   = {Shimodaira, Hidetoshi and Hasegawa, Masami},
  Booktitle                = {Statistical Methods In Molecular Evolution},
  Publisher                = {Springer-Verlag},
  Year                     = {2005},

  Address                  = {New York},
  Editor                   = {Nielsen, Rasmus},
  Pages                    = {463--493},

  Date-added               = {2011-07-20 10:29:21 -0500},
  Date-modified            = {2011-07-20 10:29:21 -0500}
}

@Article{ShimodairaH2001,
  Title                    = {{CONSEL: for assessing the confidence of phylogenetic tree selection}},
  Author                   = {Shimodaira, Hidetoshi and Hasegawa, Masami},
  Journal                  = {Bioinformatics (Oxford, England)},
  Year                     = {2001},

  Month                    = nov,
  Number                   = {12},
  Pages                    = {1246--1247},
  Volume                   = {17},

  Date-added               = {2011-07-20 10:29:21 -0500},
  Date-modified            = {2011-07-20 10:37:14 -0500}
}

@Article{ShimodairaH1999,
  Title                    = {{Multiple Comparisons of Log-Likelihoods with Applications to Phylogenetic Inference}},
  Author                   = {Shimodaira, Hidetoshi and Hasegawa, Masami},
  Journal                  = {Molecular Biology and Evolution},
  Year                     = {1999},
  Number                   = {8},
  Pages                    = {1114--1116},
  Volume                   = {16},

  Date-added               = {2011-07-20 10:29:21 -0500},
  Date-modified            = {2011-07-20 10:37:31 -0500}
}

@Article{SitnikovaRN1995,
  Title                    = {{Interior-branch and bootstrap tests of phylogenetic trees.}},
  Author                   = {Sitnikova, T and Rzhetsky, A and Nei, M},
  Journal                  = {Molecular Biology and Evolution},
  Year                     = {1995},

  Month                    = mar,
  Number                   = {2},
  Pages                    = {319--333},
  Volume                   = {12},

  Date-added               = {2011-07-20 23:44:54 -0500},
  Date-modified            = {2011-07-20 23:44:54 -0500}
}

@Article{SteelLP1993,
  Title                    = {{Confidence in evolutionary trees from biological sequence data}},
  Author                   = {Steel, M A and Lockhart, P J and Penny, D},
  Journal                  = {Nature News},
  Year                     = {1993},

  Month                    = jul,
  Number                   = {6436},
  Pages                    = {440--442},
  Volume                   = {364},

  Date-added               = {2011-07-20 10:29:21 -0500},
  Date-modified            = {2011-07-20 10:29:21 -0500}
}

@Article{StrimmerVH1997,
  Title                    = {{Likelihood-mapping: a simple method to visualize phylogenetic content of a sequence alignment.}},
  Author                   = {Strimmer, K and von Haeseler, A},
  Journal                  = {Proceedings of the National Academy of Sciences of the United States of America},
  Year                     = {1997},

  Month                    = jun,
  Number                   = {13},
  Pages                    = {6815--6819},
  Volume                   = {94},

  Date-added               = {2011-07-26 08:04:02 -0400},
  Date-modified            = {2011-07-26 08:04:02 -0400}
}

@Article{Susko2011,
  Title                    = {{Large Sample Approximations of Probabilities of Correct Evolutionary Tree Estimation and Biases of Maximum Likelihood Estimation}},
  Author                   = {Susko, Edward},
  Journal                  = {Statistical Applications in Genetics and Molecular Biology},
  Year                     = {2011},

  Month                    = feb,
  Number                   = {1},
  Volume                   = {10},

  Date-added               = {2011-07-20 10:29:21 -0500},
  Date-modified            = {2011-07-20 10:29:32 -0500}
}

@Article{Susko2010,
  Title                    = {{First-Order Correct Bootstrap Support Adjustments for Splits that Allow Hypothesis Testing When Using Maximum Likelihood Estimation}},
  Author                   = {Susko, Edward},
  Journal                  = {Molecular Biology and Evolution},
  Year                     = {2010},

  Month                    = jul,
  Number                   = {7},
  Pages                    = {1621--1629},
  Volume                   = {27},

  Date-added               = {2011-07-20 10:29:21 -0500},
  Date-modified            = {2011-07-20 10:29:39 -0500}
}

@Article{Susko2009,
  Title                    = {{Bootstrap Support Is Not First-Order Correct}},
  Author                   = {Susko, E},
  Journal                  = {Systematic Biology},
  Year                     = {2009},

  Month                    = jul,
  Number                   = {2},
  Pages                    = {211--223},
  Volume                   = {58},

  Date-added               = {2011-07-20 10:29:21 -0500},
  Date-modified            = {2011-07-20 10:29:21 -0500}
}

@Article{Susko2008,
  Title                    = {{On the Distributions of Bootstrap Support and Posterior Distributions for a Star Tree}},
  Author                   = {Susko, Edward},
  Journal                  = {Systematic Biology},
  Year                     = {2008},

  Month                    = aug,
  Number                   = {4},
  Pages                    = {602},
  Volume                   = {57},

  Date-added               = {2011-07-20 10:29:21 -0500},
  Date-modified            = {2011-07-20 10:29:48 -0500}
}

@Article{Susko2006,
  Title                    = {{Using minimum bootstrap support for splits to construct confidence regions for trees}},
  Author                   = {Susko, Edward},
  Journal                  = {Evol. Bioinf.},
  Year                     = {2006},
  Pages                    = {1--15},
  Volume                   = {2},

  Date-added               = {2011-07-20 10:29:21 -0500},
  Date-modified            = {2011-07-20 10:29:59 -0500}
}

@Article{Susko2003,
  Title                    = {{Confidence Regions and Hypothesis Tests for Topologies Using Generalized Least Squares}},
  Author                   = {Susko, Edward},
  Journal                  = {Molecular Biology and Evolution},
  Year                     = {2003},

  Month                    = jun,
  Number                   = {6},
  Pages                    = {862--868},
  Volume                   = {20},

  Date-added               = {2011-07-20 10:29:21 -0500},
  Date-modified            = {2011-07-20 10:29:21 -0500}
}

@Article{SuskoFBR2003,
  Title                    = {{Estimation of Rates-Across-Sites Distributions in Phylogenetic Substitution Models}},
  Author                   = {Susko, E and Field, C and Blouin, C and Roger, A},
  Journal                  = {Systematic Biology},
  Year                     = {2003},

  Date-added               = {2011-07-20 10:29:21 -0500},
  Date-modified            = {2011-07-20 10:30:17 -0500}
}

@Article{SvennbladdEOB2006,
  Title                    = {{Fundamental Differences Between the Methods of Maximum Likelihood and Maximum Posterior Probability in Phylogenetics}},
  Author                   = {Svennblad, Bodil and Erixon, Per and Oxelman, Bengt and Britton, Tom},
  Journal                  = {Systematic Biology},
  Year                     = {2006},

  Month                    = feb,
  Number                   = {1},
  Pages                    = {116--121},
  Volume                   = {55},

  Date-added               = {2011-07-21 15:22:56 -0500},
  Date-modified            = {2011-07-21 15:22:56 -0500}
}

@Article{Templeton1983,
  Title                    = {{Phylogenetic Inference From Restriction Endonuclease Cleavage Site Maps with Particular Reference to the Evolution of Humans and the Apes}},
  Author                   = {Templeton, A. R.},
  Journal                  = {Evolution},
  Year                     = {1983},
  Number                   = {2},
  Pages                    = {221--244},
  Volume                   = {37},

  Date-added               = {2011-07-20 10:29:21 -0500},
  Date-modified            = {2011-08-02 11:28:11 -0500}
}

@Article{Wrobel2008,
  Title                    = {{Statistical measures of uncertainty for branches in phylogenetic trees inferred from molecular sequences by using model-based methods}},
  Author                   = {Wrobel, Borys},
  Journal                  = {Journal of Applied Genetics},
  Year                     = {2008},

  Month                    = mar,
  Number                   = {1},
  Pages                    = {49--67},
  Volume                   = {49},

  Date-added               = {2011-07-20 23:44:54 -0500},
  Date-modified            = {2011-07-20 23:44:54 -0500}
}

@Book{Yang2006,
  Title                    = {Computational Molecular Evolution},
  Author                   = {Ziheng Yang},
  Publisher                = {Oxford University Press},
  Year                     = {2006},

  Owner                    = {mholder},
  Timestamp                = {2014.10.13}
}

@Article{YangGF1995,
  Title                    = {{Maximum likelihood trees from DNA sequences: a peculiar statistical estimation problem}},
  Author                   = {Yang, Z and Goldman, N and Friday, A},
  Journal                  = {Systematic Biology},
  Year                     = {1995},

  Date-added               = {2011-07-20 23:44:54 -0500},
  Date-modified            = {2011-07-20 23:44:54 -0500}
}

@Article{ZharkikhL1995,
  Title                    = {{Estimation of confidence in phylogeny: the complete-and-partial bootstrap technique}},
  Author                   = {Zharkikh, Andrey and Li, Wen-Hsiung},
  Journal                  = {Molecular Phylogenetics and Evolution},
  Year                     = {1995},

  Month                    = mar,
  Number                   = {1},
  Pages                    = {44--63},
  Volume                   = {4},

  Date-added               = {2011-07-20 10:29:21 -0500},
  Date-modified            = {2011-07-20 10:29:21 -0500}
}

